<?xml version="1.0" encoding="UTF-8"?><record xmlns="http://www.loc.gov/MARC21/slim" xmlns:cinclude="http://apache.org/cocoon/include/1.0" xmlns:zs="http://www.loc.gov/zing/srw/">
  <leader>00358nz  a2200133n  4500</leader>
  <controlfield tag="001">no2010091367</controlfield>
  <controlfield tag="003">DLC</controlfield>
  <controlfield tag="005">20100605075338.0</controlfield>
  <controlfield tag="008">100603n| acannaabn          |n aaa     c</controlfield>
  <datafield tag="010" ind1=" " ind2=" ">
    <subfield code="a">no2010091367</subfield>
  </datafield>
  <datafield tag="035" ind1=" " ind2=" ">
    <subfield code="a">(OCoLC)oca08515878</subfield>
  </datafield>
  <datafield tag="040" ind1=" " ind2=" ">
    <subfield code="a">FTS</subfield>
    <subfield code="b">eng</subfield>
    <subfield code="c">FTS</subfield>
  </datafield>
  <datafield tag="100" ind1="1" ind2=" ">
    <subfield code="a">Kanda, Yoshiko</subfield>
  </datafield>
  <datafield tag="670" ind1=" " ind2=" ">
    <subfield code="a">The Japanese composers 2005, p2006:</subfield>
    <subfield code="b">label (Yoshiko Kanda; marimba)</subfield>
  </datafield>
</record>